@url{kaggle,
url = {https://www.kaggle.com/andrewmvd/animal-faces?}
}


@inproceedings{choi2020starganv2,
title={StarGAN v2: Diverse Image Synthesis for Multiple Domains},
author={Yunjey Choi and Youngjung Uh and Jaejun Yoo and Jung-Woo Ha},
booktitle={Proceedings of the IEEE Conference on Computer Vision and Pattern Recognition},
year={2020}
}